%%%%%%%%%%%%%%%%%%%%%%%%%%%%%%%%%%%%%%%%%%%%
% ARTICLE 
%%%%%%%%%%%%%%%%%%%%%%%%%%%%%%%%%%%%%%%%%%%%
@article{presser2011,
	title={\textbf{A Trainable Spaced Repetition Model for Language Learning}},
	author={Settles, Burr and Meeder, Brendan},
	year={2016},
	publisher={Association for Computational Linguistics}
}

@article{adoption,
	title={\textbf{Adoption and application of mobile learning in the educationindustry}},
	author={ Bidin, Samsiah and Abu Ziden, Azidah},
	year={2013},
	publisher={ScienceDirect}
}

@article{das3h,
	title={\textbf{DAS3H: Modeling Student Learning and Forgetting for
	Optimally Scheduling Distributed Practice of Skills}},
	author={ Choffin, Benoît and Fabrice Popineau, Azidah and Bourda, Yolaine},
	year={2019},
	publisher={LRI/CentraleSupélec}
}

DASH FOI O ULTIMO FEITO

@article{presser2011,
  title={\textbf{Inspiring the Internet of Things: The Internet of Things Comic Book}},
  author={Presser, Mirko and Krco, Srdjan and Kowatsch, Tobias and Maass, Wolfgang and Lange, Sebastian and Carrez, Francois 	and Hunt, Bernard and Egan, Richard and H{\"o}ller, Jan and Bassi, Alessandro and others},
  year={2011},
  publisher={Alexandra Institute}
}



@article{howard2014,
  title={\textbf{V2V: What are vehicle-to-vehicle communications and how do they work?}},
  author={Howard, Bill},
  journal={Extreme Tech, February},
  volume={6},
  year={2014}
}


@article{metadados,
  title={\textbf{Gest{\~a}o de metadados: sua evolu{\c{c}}{\~a}o na tecnologia da informa{\c{c}}{\~a}o}},
  author={Ikematu, Ricardo Shoiti},
  journal={DataGramaZero, Rio de Janeiro},
  volume={2},
  number={6},
  pages={0--1001},
  year={2009}
}

%%%%%%%%%%%%%%%%%%%%%%%%%%%%%%%%%%%%%%%%%%%%
% ONLINE
%%%%%%%%%%%%%%%%%%%%%%%%%%%%%%%%%%%%%%%%%%%%



@online{better_sm2,
	author = {Blue Raja},
	title = {\textbf{ A Better Spaced Repetition Learning Algorithm: SM2+ }},
	year = 2016,
	url = {http://www.blueraja.com/blog/477/a-better-spaced-repetition-learning-algorithm-sm2},
	urldate = {2019-10-01},
	note = {Acesso 10 Out. 2019}
}

%%%%%%%%%%%%%%%%%%%%%%%%%%%%%%%%%%%%%%%%%%%%
% MISC
%%%%%%%%%%%%%%%%%%%%%%%%%%%%%%%%%%%%%%%%%%%%

@misc{leite2012cidades,
  title={\textbf{Cidades inteligentes, Cidade Sustentáveis}},
  author={Leite, Carlos},
  year={2012},
  publisher={Porto Alegre, Bookman}
}

@misc{ihs2013,
  title={\textbf{Internet Connected Devices: Evolving from the “Internet of Things” to the “Internet of Everything”}},
  author={Bill Morelli},
  year={2013},
  publisher={SEMI Texas Fall Outlook }
}

%%%%%%%%%%%%%%%%%%%%%%%%%%%%%%%%%%%%%%%%%%%%
% PHDTHESIS
%%%%%%%%%%%%%%%%%%%%%%%%%%%%%%%%%%%%%%%%%%%%

@phdthesis{gonccalomodelo,
  title={\textbf{Modelo de gest{\~a}o por processo de neg{\'o}cios para automa{\c{c}}{\~a}o de centros integrados de mobilidade urbana.}},
  author={Gon{\c{c}}alo, Jos{\'e} Evaldo},
  school={Universidade de S{\~a}o Paulo},
  year={2016}
}

%%%%%%%%%%%%%%%%%%%%%%%%%%%%%%%%%%%%%%%%%%%%
% BOOK
%%%%%%%%%%%%%%%%%%%%%%%%%%%%%%%%%%%%%%%%%%%%
@book{sinha2014making,
  title={\textbf{Making Big Data work for your business}},
  author={Sinha, Sudhi},
  year={2014},
  publisher={Packt Publishing Ltd}
}

@book{leigos,
  title={\textbf{Big Data Para Leigos}},
  author={Hurwitz, Judith and Nugent, Alan and Dr. Halper, Fern  and Kaufman, Marcia},
  year={2016},
  publisher={Alta Books}
}

@book{docker,
  title={\textbf{Docker Para Desenvolvedores}},
  author={Rafael Gomes},
  year={2016},
  publisher={Lean Publishing}
}

@book{newman2015building,
  title={\textbf{Building microservices: designing fine-grained systems}},
  author={Newman, Sam},
  year={2015},
  publisher={" O'Reilly Media, Inc."}
}

@book{da2015redis,
  title={\textbf{Redis Essentials}},
  author={Da Silva, Maxwell Dayvson and Tavares, Hugo Lopes},
  year={2015},
  publisher={Packt Publishing Ltd}
}

@book{dockerswarm,
  title={\textbf{Native Docker Clustering with Swarm}},
  author={ Fabrizio Soppelsa, Chanwit Kaewkasi},
  year={2016},
  publisher={Paperback}
}

@book{chodorow2013mongodb,
  title={\textbf{MongoDB: The Definitive Guide: Powerful and Scalable Data Storage}},
  author={Chodorow, Kristina},
  year={2013},
  publisher={" O'Reilly Media, Inc."}
}




